@misc{redmon2016look,
      title={You Only Look Once: Unified, Real-Time Object Detection}, 
      author={Joseph Redmon and Santosh Divvala and Ross Girshick and Ali Farhadi},
      year={2016},
      eprint={1506.02640},
      archivePrefix={arXiv},
      primaryClass={cs.CV}
}

@misc{lin2015microsoft,
	title={Microsoft COCO: Common Objects in Context}, 
	author={Tsung-Yi Lin and Michael Maire and Serge Belongie and Lubomir Bourdev and Ross Girshick and James Hays and Pietro Perona and Deva Ramanan and C. Lawrence Zitnick and Piotr Doll√°r},
	year={2015},
	eprint={1405.0312},
	archivePrefix={arXiv},
	primaryClass={cs.CV}
}